%% This BibTeX bibliography file was created using BibDesk.
%% https://bibdesk.sourceforge.io/

%% Created for Nour Al-Hassanieh at 2023-10-12 10:33:43 -0400 


%% Saved with string encoding Unicode (UTF-8) 



@misc{quasistaticNotes,
	author = {Alex H. Barnett},
	date-added = {2023-10-12 09:28:26 -0400},
	date-modified = {2023-10-12 10:33:43 -0400},
	howpublished = {unpublished},
	keywords = {quasistatic, heat equation, high order accuracy},
	month = {September 21},
	title = {Quasistatic correction in powers of reciprocal diffusivity for heat initial boundary value problems},
	year = {2023}}

@article{ILWConservationLaws,
	author = {Sirui Tan and Chi-Wang Shu},
	doi = {https://doi.org/10.1016/j.jcp.2010.07.014},
	issn = {0021-9991},
	journal = {Journal of Computational Physics},
	keywords = {Numerical boundary conditions, Hyperbolic conservation laws, Finite difference method, Cartesian mesh, Lax-Wendroff procedure, Extrapolation, Solid wall},
	number = {21},
	opturl = {https://www.sciencedirect.com/science/article/pii/S0021999110003979},
	pages = {8144-8166},
	title = {Inverse Lax-Wendroff procedure for numerical boundary conditions of conservation laws},
	volume = {229},
	year = {2010},
	bdsk-url-1 = {https://doi.org/10.1016/j.jcp.2010.07.014}}
