
@article{diegmiller18,
title={Spherical Caps in Cell Polarization},
author={Rocky Diegmiller and Hadrien Montanelli and Cyrill B. Muratov and Stanislav Y. Shvartsman},
journal={Biophys. J.},
year=2018,
volume=115,
pages={1--5},
doi={10.1016/j.bpj.2018.05.033},
}

@article{nardi15,
title={{S}chauder estimate for solutions of {P}oisson's equation with {N}eumann boundary condition},
author={G. Nardi},
year=2015,
journal={Enseign. Math.},
volume=60,
number=3,
pages={421--435},
eprint={1302.4103},
doi={10.4171/LEM/60-3/4-9},
}

@book{logan,
author="Logan, D.",
title="Applied Mathematics",
edition="4th",
year=2013,
publisher="Wiley"
}

@book{linsegel,
year=1988,
publisher={SIAM},
author={C. C. Lin and L. A. Segel},
title={Mathematics Applied to Deterministic Problems in the Natural Sciences},
series={Classics in applied mathematics 1},
}

